@Manual{citeR,
    title = {R: A Language and Environment for Statistical Computing},
    author = {{R Core Team}},
    organization = {R Foundation for Statistical Computing},
    address = {Vienna, Austria},
    year = {2023},
    url = {https://www.R-project.org/},
  }
  
@Manual{dplyr,
  title = {dplyr: A Grammar of Data Manipulation},
  author = {Hadley Wickham and Romain François and Lionel Henry and Kirill Müller and Davis Vaughan},
  year = {2023},
  note = {R package version 1.1.4, https://github.com/tidyverse/dplyr},
  url = {https://dplyr.tidyverse.org},
  }

@Website{PubMed,
  title = {Heat-Related Mortality in Japan after the 2011 Fukushima Disaster: An Analysis of Potential Influence of Reduced Electricity Consumption.},
  author = {Kim et al.},
  year = {2017},
  url = {https://deliverypdf.ssrn.com/delivery.php?ID=319121006065081094005100067099101104056074007011089060073092000025096006014072009125123036060024038014002031007107113093101019103054002035031025119106113115118004030008080030067025100083031016097104088004083070091112092120024125080090008114009010008100&EXT=pdf&INDEX=TRUE}
  }

@Manual{scienceDirect,
    title = {Fukushima Nuclear Disaster displacement: How far people moved and determinants of evacuation destinations},
    author = {Xuan Bien Do},
    year = {2019},
    journal = {International Journal of Disaster Risk Reduction},
    volume = {33},
    pages = {235-252},
    doi = {10.1016/j.ijdrr.2018.10.009},
  }
  
@Manual{britannica,
    title = {Fukushima accident},
    year = {2024},
    url = {https://www.britannica.com/event/Fukushima-accident},
  }

@Manual{CDC,
    title = {Fukushima Radiation Emergency: Lessons Learned},
    author = {Centre for Disease Control and Prevention},
    year = {2023},
    url = {https://www.cdc.gov/nceh/features/fukushima-radiation/index.html#:~:text=March%2011%20marks%20the%20anniversary,manmade%20protections%20of%20nuclear%20plants},
  }
  
@Manual{intechopen,
    title = {Nuclear Energy Policy after the Fukushima Nuclear Accident: An Analysis of “Polarized Debate” in Japan},
    author = {Tatsujiro Suzuki},
    year = {2019},
    url = {https://www.intechopen.com/chapters/65521},
  }
  
@Manual{guardian,
    title = {Energy-saving 'setsuden' campaign sweeps Japan after Fukushima},
    author = {John Crace},
    year = {2011},
    url = {https://www.theguardian.com/environment/2011/aug/22/energy-saving-setsuden-japan-fukushima},
  }
  
@Manual{energyPolicyYearLater,
    title = {Japanese Energy Policy One Year Later},
    author = {Jane Nakano and David Pumphrey},
    year = {2012},
    url = {https://www.csis.org/analysis/japanese-energy-policy-one-year-later},
  }
  
@Manual{barreca,
    title = {Adapting to climate change:
The remarkable decline in the US temperature-mortality relationship over the Twentieth Century.},
    author = {Alan Barreca and Karen Clay and Olivier Deschenes and Michael Greenstone and Joseph S. Shapiro},
    year = {2016},
    journal = {Journal of Political Economy},
    volume = {124},
    url = {https://www.journals.uchicago.edu/doi/abs/10.1086/684582}
  }
  
@Manual{npr,
    title = {After the Fukushima disaster, Japan swore to phase out nuclear power. But not anymore},
    author = {NPR},
    year = {2022},
    url = {https://www.npr.org/2022/12/22/1144990722/japan-nuclear-power-change-fukushima},
  }
  
@Manual{energy,
    title = {3 Reasons Why Nuclear is Clean and Sustainable},
    author = {Office of Nuclear Energy},
    year = {2021},
    url = {https://www.energy.gov/ne/articles/3-reasons-why-nuclear-clean-and-sustainable},
  }
  
@Manual{heTanaka,
    title = {Energy Saving May Kill: Evidence from the Fukushima Nuclear Accident},
    author = {Guojun He and Takanao Tanaka},
    year = {2019},
    journal = {American Economic Journal: Applied Economics},
    volume = {15},
    pages = {377-414},
    doi = {10.1257/app.20200505},
  }
  